<?xml version="1.0" encoding="UTF-8"?><collection xmlns="http://www.loc.gov/MARC21/slim"><record><leader>00421nam--2200145-i-4500</leader><controlfield tag="001">000008348</controlfield><controlfield tag="002">20161230</controlfield><controlfield tag="005">20170222172500</controlfield><controlfield tag="008">060222s1000------------r-----000-0-eng-d</controlfield><datafield ind1=" " ind2=" " tag="100"><subfield code="a">Duric, Dusan</subfield></datafield><datafield ind1=" " ind2=" " tag="245"><subfield code="a">Biohemija i biofizika industrijskih otrova mala enciklopedija</subfield></datafield><datafield ind1=" " ind2=" " tag="260"><subfield code="a">Beograd</subfield><subfield code="b">Zvod Za Strucno Usavrsavanje Zdravstvenih Radnika Srs</subfield><subfield code="c">1966</subfield></datafield><datafield ind1=" " ind2=" " tag="300"><subfield code="a">395 p</subfield></datafield><datafield ind1=" " ind2=" " tag="852"><subfield code="a">577</subfield></datafield><datafield ind1=" " ind2=" " tag="CAT"><subfield code="a">SYS</subfield><subfield code="c">20170222</subfield><subfield code="h">172500</subfield></datafield></record></collection>